<collection xmlns="http://www.loc.gov/MARC21/slim">
<record>
  <leader>00952nam0a2200229 i 450 </leader>
  <controlfield tag="001">IT\ICCU\CNCE\000430</controlfield>
  <controlfield tag="005">20090911000000.0</controlfield>
  <datafield tag="012" ind1=" " ind2=" ">
    <subfield code="a">laet amad tqt: seq. (C) 1509 (R)</subfield>
    <subfield code="2">fei</subfield>
  </datafield>
  <datafield tag="100" ind1=" " ind2=" ">
    <subfield code="a">19970101d1509        0itac0103    ba</subfield>
  </datafield>
  <datafield tag="101" ind1=" " ind2=" ">
    <subfield code="a">LAT</subfield>
  </datafield>
  <datafield tag="102" ind1=" " ind2=" ">
    <subfield code="a">IT</subfield>
  </datafield>
  <datafield tag="200" ind1="1" ind2=" ">
    <subfield code="a">Expositio capitum admonitoriorum edita ex tempore ab Agapeto diacono sanctissimae Dei magnae Ecclesiae</subfield>
  </datafield>
  <datafield tag="210" ind1=" " ind2=" ">
    <subfield code="e">Impressum Venetiis</subfield>
    <subfield code="g">apud Zachariam Calliergem</subfield>
    <subfield code="h">1509 Maii luce vndecima</subfield>
  </datafield>
  <datafield tag="215" ind1=" " ind2=" ">
    <subfield code="a">\10! c.</subfield>
    <subfield code="d">8ʻ</subfield>
  </datafield>
  <datafield tag="620" ind1=" " ind2=" ">
    <subfield code="a">IT</subfield>
    <subfield code="d">Venezia</subfield>
  </datafield>
  <datafield tag="700" ind1=" " ind2="0">
    <subfield code="a">Agapetus</subfield>
    <subfield code="c"> &lt;diacono&gt;</subfield>
    <subfield code="3">IT\ICCU\CNCA\000052</subfield>
  </datafield>
  <datafield tag="712" ind1="0" ind2="0">
    <subfield code="a">Calliergi, Zaccaria</subfield>
    <subfield code="3">IT\ICCU\CNCT\000265</subfield>
    <subfield code="4">650</subfield>
  </datafield>
  <datafield tag="791" ind1="0" ind2="0">
    <subfield code="a">Kallierges, Zacharias</subfield>
    <subfield code="3">IT\ICCU\CNCT\003070</subfield>
    <subfield code="z">Calliergi, Zaccaria</subfield>
  </datafield>
  <datafield tag="791" ind1="0" ind2="0">
    <subfield code="a">Callierges, Zacharias</subfield>
    <subfield code="3">IT\ICCU\CNCT\004401</subfield>
    <subfield code="z">Calliergi, Zaccaria</subfield>
  </datafield>
  <datafield tag="791" ind1="0" ind2="0">
    <subfield code="a">Calergi, Zacharias</subfield>
    <subfield code="3">IT\ICCU\CNCT\004404</subfield>
    <subfield code="z">Calliergi, Zaccaria</subfield>
  </datafield>
  <datafield tag="801" ind1=" " ind2="3">
    <subfield code="a">IT</subfield>
    <subfield code="b">ICCU</subfield>
    <subfield code="c">20201113</subfield>
  </datafield>
  <datafield tag="899" ind1=" " ind2=" ">
    <subfield code="a">Biblioteca universitaria. Padova</subfield>
    <subfield code="1">PD0158</subfield>
    <subfield code="2">PUV 00</subfield>
  </datafield>
</record>
</collection>
